<?xml version="1.0" encoding="UTF-8"?><record xmlns="http://www.loc.gov/MARC21/slim" xmlns:cinclude="http://apache.org/cocoon/include/1.0" xmlns:zs="http://www.loc.gov/zing/srw/">
  <leader>00432cz  a2200121n  4500</leader>
  <controlfield tag="001">n 2002072971</controlfield>
  <controlfield tag="003">DLC</controlfield>
  <controlfield tag="005">20020506114042.0</controlfield>
  <controlfield tag="008">020506n| acannaabn          |n ana      </controlfield>
  <datafield tag="010" ind1=" " ind2=" ">
    <subfield code="a">n 2002072971</subfield>
  </datafield>
  <datafield tag="040" ind1=" " ind2=" ">
    <subfield code="a">DLC</subfield>
    <subfield code="b">eng</subfield>
    <subfield code="c">DLC</subfield>
  </datafield>
  <datafield tag="110" ind1="2" ind2=" ">
    <subfield code="a">Anshe Chesed Congregation (Vicksburg, Miss.).</subfield>
    <subfield code="b">Ladies Auxiliary Society</subfield>
  </datafield>
  <datafield tag="670" ind1=" " ind2=" ">
    <subfield code="a">NUCMC data from American Jewish Archives for Its Minute books, 1904-1917</subfield>
    <subfield code="b">(Ladies Auxiliary Society (Vicksburg, Miss.))</subfield>
  </datafield>
</record>